<?xml version="1.0" encoding="UTF-8"?><collection xmlns="http://www.loc.gov/MARC21/slim"><record><leader>00451nam--2200133-i-4500</leader><controlfield tag="001">000046558</controlfield><controlfield tag="002">20161230</controlfield><controlfield tag="005">20161230201046</controlfield><controlfield tag="008">060222s1000------------r-----000-0-eng-d</controlfield><datafield ind1=" " ind2=" " tag="080"><subfield code="a">546.1.6:616</subfield></datafield><datafield ind1=" " ind2=" " tag="100"><subfield code="a">Vincent,Roger</subfield></datafield><datafield ind1=" " ind2=" " tag="245"><subfield code="a">Contribution a l`etude des problemes poses par l`usage des fluorures pour la prevention de la carie dentaire. methodes de dosage de fluor. these</subfield></datafield><datafield ind1=" " ind2=" " tag="260"><subfield code="a">Lyon, Univ.Claude-bernard Lyon I, 1971. 89 P</subfield></datafield><datafield ind1=" " ind2=" " tag="852"><subfield code="a">38969</subfield></datafield></record></collection>